@article{mapreduce,
  author = {Jeffrey Dean and Sanjay Ghemawat},
  title = {MapReduce: Simplified Data Processing on Large Clusters},
  booktitle	= {OSDI'04: Sixth Symposium on Operating System Design and Implementation},
  pages	= {137--150},
  address	= {San Francisco, CA},
  year = {2004}
}

@misc{roren,
  author = {{Dmitry Ermolov}},
  title = {\textenglish{Roren library}},
  url = {https://cppconf.ru/archive/2023/talks/36a6a02a1c444021970215ebb7a5e1c6/}
}

@misc{yt,
  author = {{Max Babenko}},
  title = {\textenglish{YTsaurus: An open source big data platform for distributed storage and processing.}},
  url = {https://ytsaurus.tech/en}
}
